@article{billio2005multivariate,
  title={Multivariate Markov switching dynamic conditional correlation GARCH representations for contagion analysis},
  author={Billio, Monica and Caporin, Massimiliano},
  journal={Statistical methods and applications},
  volume={14},
  number={2},
  pages={145--161},
  year={2005},
  publisher={Springer}
}

@article{kose2009does,
	title={Does financial globalization promote risk sharing?},
	author={Kose, M Ayhan and Prasad, Eswar S and Terrones, Marco E},
	journal={Journal of Development Economics},
	volume={89},
	number={2},
	pages={258--270},
	year={2009},
	publisher={Elsevier}
}

@article{forbes2012capital,
	title={Capital flow waves: Surges, stops, flight, and retrenchment},
	author={Forbes, Kristin J and Warnock, Francis E},
	journal={Journal of International Economics},
	volume={88},
	number={2},
	pages={235--251},
	year={2012},
	publisher={Elsevier}
}

@article{lane2013financial,
	title={Financial globalisation and the crisis},
	author={Lane, Philip R},
	journal={Open Economies Review},
	volume={24},
	number={3},
	pages={555--580},
	year={2013},
	publisher={Springer}
}

@article{hansen1992likelihood,
	title={The likelihood ratio test under nonstandard conditions: testing the Markov switching model of GNP},
	author={Hansen, Bruce E},
	journal={Journal of applied Econometrics},
	volume={7},
	number={S1},
	pages={S61--S82},
	year={1992},
	publisher={Wiley Online Library}
}

@article{hansen1996erratum,
	title={Erratum: The likelihood ratio test under nonstandard conditions: testing the Markov switching model of GNP},
	author={Hansen, Bruce E},
	journal={Journal of Applied econometrics},
	volume={11},
	number={2},
	pages={195--198},
	year={1996},
	publisher={Wiley Online Library}
}

@article{quandt1972new,
	title={A new approach to estimating switching regressions},
	author={Quandt, Richard E},
	journal={Journal of the American statistical association},
	volume={67},
	number={338},
	pages={306--310},
	year={1972},
	publisher={Taylor \& Francis}
}

@article{goldfeld1973markov,
	title={A Markov model for switching regressions},
	author={Goldfeld, Stephen M and Quandt, Richard E},
	journal={Journal of econometrics},
	volume={1},
	number={1},
	pages={3--15},
	year={1973},
	publisher={Elsevier}
}

@article{forbes2012big,
	title={The'Big C': Identifying and mitigating contagion},
	author={Forbes, Kristin J},
	year={2012},
	publisher={MIT Sloan Research Paper}
}
